<?xml version="1.0" encoding="UTF-8"?><record xmlns="http://www.loc.gov/MARC21/slim" xmlns:cinclude="http://apache.org/cocoon/include/1.0" xmlns:zs="http://www.loc.gov/zing/srw/">
  <leader>01151cz  a2200181n  4500</leader>
  <controlfield tag="001">n  85374386 </controlfield>
  <controlfield tag="003">DLC</controlfield>
  <controlfield tag="005">20120809082620.0</controlfield>
  <controlfield tag="008">860319n| acannaabn          |a ana      </controlfield>
  <datafield tag="010" ind1=" " ind2=" ">
    <subfield code="a">n  85374386 </subfield>
  </datafield>
  <datafield tag="035" ind1=" " ind2=" ">
    <subfield code="a">(OCoLC)oca01544994</subfield>
  </datafield>
  <datafield tag="040" ind1=" " ind2=" ">
    <subfield code="a">DLC</subfield>
    <subfield code="b">eng</subfield>
    <subfield code="c">DLC</subfield>
    <subfield code="d">DLC</subfield>
    <subfield code="d">OCoLC</subfield>
    <subfield code="d">DLC</subfield>
  </datafield>
  <datafield tag="111" ind1="2" ind2=" ">
    <subfield code="a">United Nations Interregional Conference on the Development of Petrochemical Industries in Developing Countries</subfield>
  </datafield>
  <datafield tag="411" ind1="2" ind2=" ">
    <subfield code="a">Conference on the Development of Petrochemical Industries in Developing Countries, United Nations Interregional</subfield>
  </datafield>
  <datafield tag="411" ind1="2" ind2=" ">
    <subfield code="a">Interregional Conference on the Development of Petrochemical Industries in Developing Countries, United Nations</subfield>
  </datafield>
  <datafield tag="667" ind1=" " ind2=" ">
    <subfield code="a">THIS 1XX FIELD CANNOT BE USED UNDER RDA UNTIL THIS RECORD HAS BEEN REVIEWED AND/OR UPDATED</subfield>
  </datafield>
  <datafield tag="670" ind1=" " ind2=" ">
    <subfield code="a">Its (1st : 1964 : Tehran, Iran). Report of the First United Nations Interregional Conference on the Development of Petrochemical Industries in Developing Countries, Teheran, Iran, 16-30 November 1964, 1966.</subfield>
  </datafield>
  <datafield tag="670" ind1=" " ind2=" ">
    <subfield code="a">LC data base, 3-17-86</subfield>
    <subfield code="b">(hdg.: United Nations Interregional Conference on the Development of Petrochemical Industries in Developing Countries, 1st, Teheran, 1964)</subfield>
  </datafield>
</record>